<?xml version="1.0" encoding="UTF-8"?><collection xmlns="http://www.loc.gov/MARC21/slim"><record><leader>00470nam--2200181-u-4500</leader><controlfield tag="001">000056819</controlfield><controlfield tag="002">20191030</controlfield><controlfield tag="005">20191030043545</controlfield><controlfield tag="008">191030s1000------------r-----000-0-eng-d</controlfield><datafield ind1=" " ind2=" " tag="041"><subfield code="a">eng</subfield></datafield><datafield ind1="1" ind2=" " tag="100"><subfield code="a">Naimark, M</subfield></datafield><datafield ind1="1" ind2="0" tag="245"><subfield code="a">Theorie des Representations des Groupes</subfield><subfield code="c">M. Naimark, A. Stern</subfield></datafield><datafield ind1=" " ind2=" " tag="260"><subfield code="a">Moscou</subfield><subfield code="b">Editions MiR</subfield><subfield code="c">1979</subfield></datafield><datafield ind1=" " ind2=" " tag="300"><subfield code="a">608 P</subfield></datafield><datafield ind1=" " ind2=" " tag="500"><subfield code="a">Donatie Gheorghe Dinescu</subfield></datafield><datafield ind1="1" ind2=" " tag="700"><subfield code="a">Stern, A</subfield></datafield><datafield ind1=" " ind2=" " tag="852"><subfield code="a">82713</subfield><subfield code="c">512</subfield></datafield><datafield ind1=" " ind2=" " tag="CAT"><subfield code="a">SYS</subfield><subfield code="c">20191030</subfield><subfield code="h">043545</subfield></datafield></record></collection>